%YAML 1.1
%TAG !u! tag:unity3d.com,2011:
--- !u!29 &1
OcclusionCullingSettings:
  m_ObjectHideFlags: 0
  serializedVersion: 2
  m_OcclusionBakeSettings:
    smallestOccluder: 5
    smallestHole: 0.25
    backfaceThreshold: 100
  m_SceneGUID: 00000000000000000000000000000000
  m_OcclusionCullingData: {fileID: 0}
--- !u!104 &2
RenderSettings:
  m_ObjectHideFlags: 0
  serializedVersion: 8
  m_Fog: 0
  m_FogColor: {r: 0.5, g: 0.5, b: 0.5, a: 1}
  m_FogMode: 3
  m_FogDensity: 0.01
  m_LinearFogStart: 0
  m_LinearFogEnd: 300
  m_AmbientSkyColor: {r: 0.212, g: 0.227, b: 0.259, a: 1}
  m_AmbientEquatorColor: {r: 0.114, g: 0.125, b: 0.133, a: 1}
  m_AmbientGroundColor: {r: 0.047, g: 0.043, b: 0.035, a: 1}
  m_AmbientIntensity: 1
  m_AmbientMode: 3
  m_SubtractiveShadowColor: {r: 0.42, g: 0.478, b: 0.627, a: 1}
  m_SkyboxMaterial: {fileID: 0}
  m_HaloStrength: 0.5
  m_FlareStrength: 1
  m_FlareFadeSpeed: 3
  m_HaloTexture: {fileID: 0}
  m_SpotCookie: {fileID: 10001, guid: 0000000000000000e000000000000000, type: 0}
  m_DefaultReflectionMode: 0
  m_DefaultReflectionResolution: 128
  m_ReflectionBounces: 1
  m_ReflectionIntensity: 1
  m_CustomReflection: {fileID: 0}
  m_Sun: {fileID: 0}
  m_IndirectSpecularColor: {r: 0, g: 0, b: 0, a: 1}
--- !u!157 &3
LightmapSettings:
  m_ObjectHideFlags: 0
  serializedVersion: 11
  m_GIWorkflowMode: 1
  m_GISettings:
    serializedVersion: 2
    m_BounceScale: 1
    m_IndirectOutputScale: 1
    m_AlbedoBoost: 1
    m_TemporalCoherenceThreshold: 1
    m_EnvironmentLightingMode: 0
    m_EnableBakedLightmaps: 0
    m_EnableRealtimeLightmaps: 0
  m_LightmapEditorSettings:
    serializedVersion: 9
    m_Resolution: 2
    m_BakeResolution: 40
    m_TextureWidth: 1024
    m_TextureHeight: 1024
    m_AO: 0
    m_AOMaxDistance: 1
    m_CompAOExponent: 1
    m_CompAOExponentDirect: 0
    m_Padding: 2
    m_LightmapParameters: {fileID: 0}
    m_LightmapsBakeMode: 1
    m_TextureCompression: 1
    m_FinalGather: 0
    m_FinalGatherFiltering: 1
    m_FinalGatherRayCount: 256
    m_ReflectionCompression: 2
    m_MixedBakeMode: 2
    m_BakeBackend: 0
    m_PVRSampling: 1
    m_PVRDirectSampleCount: 32
    m_PVRSampleCount: 500
    m_PVRBounces: 2
    m_PVRFilterTypeDirect: 0
    m_PVRFilterTypeIndirect: 0
    m_PVRFilterTypeAO: 0
    m_PVRFilteringMode: 1
    m_PVRCulling: 1
    m_PVRFilteringGaussRadiusDirect: 1
    m_PVRFilteringGaussRadiusIndirect: 5
    m_PVRFilteringGaussRadiusAO: 2
    m_PVRFilteringAtrousPositionSigmaDirect: 0.5
    m_PVRFilteringAtrousPositionSigmaIndirect: 2
    m_PVRFilteringAtrousPositionSigmaAO: 1
  m_LightingDataAsset: {fileID: 0}
  m_UseShadowmask: 1
--- !u!196 &4
NavMeshSettings:
  serializedVersion: 2
  m_ObjectHideFlags: 0
  m_BuildSettings:
    serializedVersion: 2
    agentTypeID: 0
    agentRadius: 0.5
    agentHeight: 2
    agentSlope: 45
    agentClimb: 0.4
    ledgeDropHeight: 0
    maxJumpAcrossDistance: 0
    minRegionArea: 2
    manualCellSize: 0
    cellSize: 0.16666667
    manualTileSize: 0
    tileSize: 256
    accuratePlacement: 0
    debug:
      m_Flags: 0
  m_NavMeshData: {fileID: 0}
--- !u!1001 &65811125
Prefab:
  m_ObjectHideFlags: 0
  serializedVersion: 2
  m_Modification:
    m_TransformParent: {fileID: 1559113691}
    m_Modifications:
    - target: {fileID: 4640782135093966, guid: 64971b89f7819a54ba0a521df86b10c0, type: 2}
      propertyPath: m_LocalPosition.x
      value: 1.458
      objectReference: {fileID: 0}
    - target: {fileID: 4640782135093966, guid: 64971b89f7819a54ba0a521df86b10c0, type: 2}
      propertyPath: m_LocalPosition.y
      value: 2.5147
      objectReference: {fileID: 0}
    - target: {fileID: 4640782135093966, guid: 64971b89f7819a54ba0a521df86b10c0, type: 2}
      propertyPath: m_LocalPosition.z
      value: 0.234375
      objectReference: {fileID: 0}
    - target: {fileID: 4640782135093966, guid: 64971b89f7819a54ba0a521df86b10c0, type: 2}
      propertyPath: m_LocalRotation.x
      value: -0
      objectReference: {fileID: 0}
    - target: {fileID: 4640782135093966, guid: 64971b89f7819a54ba0a521df86b10c0, type: 2}
      propertyPath: m_LocalRotation.y
      value: -0
      objectReference: {fileID: 0}
    - target: {fileID: 4640782135093966, guid: 64971b89f7819a54ba0a521df86b10c0, type: 2}
      propertyPath: m_LocalRotation.z
      value: -0
      objectReference: {fileID: 0}
    - target: {fileID: 4640782135093966, guid: 64971b89f7819a54ba0a521df86b10c0, type: 2}
      propertyPath: m_LocalRotation.w
      value: 1
      objectReference: {fileID: 0}
    - target: {fileID: 4640782135093966, guid: 64971b89f7819a54ba0a521df86b10c0, type: 2}
      propertyPath: m_RootOrder
      value: 1
      objectReference: {fileID: 0}
    - target: {fileID: 212093213067262070, guid: 64971b89f7819a54ba0a521df86b10c0,
        type: 2}
      propertyPath: m_DrawMode
      value: 2
      objectReference: {fileID: 0}
    - target: {fileID: 4640782135093966, guid: 64971b89f7819a54ba0a521df86b10c0, type: 2}
      propertyPath: m_LocalScale.x
      value: 1
      objectReference: {fileID: 0}
    - target: {fileID: 212093213067262070, guid: 64971b89f7819a54ba0a521df86b10c0,
        type: 2}
      propertyPath: m_Size.x
      value: 36.020508
      objectReference: {fileID: 0}
    - target: {fileID: 61720791683369152, guid: 64971b89f7819a54ba0a521df86b10c0,
        type: 2}
      propertyPath: m_SpriteTilingProperty.newSize.x
      value: 3.8
      objectReference: {fileID: 0}
    - target: {fileID: 61720791683369152, guid: 64971b89f7819a54ba0a521df86b10c0,
        type: 2}
      propertyPath: m_SpriteTilingProperty.drawMode
      value: 2
      objectReference: {fileID: 0}
    - target: {fileID: 61720791683369152, guid: 64971b89f7819a54ba0a521df86b10c0,
        type: 2}
      propertyPath: m_Size.y
      value: 1
      objectReference: {fileID: 0}
    - target: {fileID: 212093213067262070, guid: 64971b89f7819a54ba0a521df86b10c0,
        type: 2}
      propertyPath: m_FlipX
      value: 0
      objectReference: {fileID: 0}
    - target: {fileID: 1335074320266088, guid: 64971b89f7819a54ba0a521df86b10c0, type: 2}
      propertyPath: m_TagString
      value: Solid
      objectReference: {fileID: 0}
    m_RemovedComponents:
    - {fileID: 61720791683369152, guid: 64971b89f7819a54ba0a521df86b10c0, type: 2}
  m_ParentPrefab: {fileID: 100100000, guid: 64971b89f7819a54ba0a521df86b10c0, type: 2}
  m_IsPrefabParent: 0
--- !u!1 &159450854
GameObject:
  m_ObjectHideFlags: 0
  m_PrefabParentObject: {fileID: 0}
  m_PrefabInternal: {fileID: 0}
  serializedVersion: 5
  m_Component:
  - component: {fileID: 159450858}
  - component: {fileID: 159450857}
  - component: {fileID: 159450856}
  - component: {fileID: 159450855}
  - component: {fileID: 159450859}
  m_Layer: 0
  m_Name: Main Camera
  m_TagString: MainCamera
  m_Icon: {fileID: 0}
  m_NavMeshLayer: 0
  m_StaticEditorFlags: 0
  m_IsActive: 1
--- !u!81 &159450855
AudioListener:
  m_ObjectHideFlags: 0
  m_PrefabParentObject: {fileID: 0}
  m_PrefabInternal: {fileID: 0}
  m_GameObject: {fileID: 159450854}
  m_Enabled: 1
--- !u!124 &159450856
Behaviour:
  m_ObjectHideFlags: 0
  m_PrefabParentObject: {fileID: 0}
  m_PrefabInternal: {fileID: 0}
  m_GameObject: {fileID: 159450854}
  m_Enabled: 1
--- !u!20 &159450857
Camera:
  m_ObjectHideFlags: 0
  m_PrefabParentObject: {fileID: 0}
  m_PrefabInternal: {fileID: 0}
  m_GameObject: {fileID: 159450854}
  m_Enabled: 1
  serializedVersion: 2
  m_ClearFlags: 1
  m_BackGroundColor: {r: 0.19215687, g: 0.3019608, b: 0.4745098, a: 0}
  m_NormalizedViewPortRect:
    serializedVersion: 2
    x: 0
    y: 0
    width: 1
    height: 1
  near clip plane: 0.3
  far clip plane: 1000
  field of view: 60
  orthographic: 1
  orthographic size: 5
  m_Depth: -1
  m_CullingMask:
    serializedVersion: 2
    m_Bits: 4294967295
  m_RenderingPath: -1
  m_TargetTexture: {fileID: 0}
  m_TargetDisplay: 0
  m_TargetEye: 3
  m_HDR: 1
  m_AllowMSAA: 0
  m_ForceIntoRT: 0
  m_OcclusionCulling: 1
  m_StereoConvergence: 10
  m_StereoSeparation: 0.022
--- !u!4 &159450858
Transform:
  m_ObjectHideFlags: 0
  m_PrefabParentObject: {fileID: 0}
  m_PrefabInternal: {fileID: 0}
  m_GameObject: {fileID: 159450854}
  m_LocalRotation: {x: 0, y: 0, z: 0, w: 1}
  m_LocalPosition: {x: 0, y: 0, z: -10}
  m_LocalScale: {x: 1, y: 1, z: 1}
  m_Children: []
  m_Father: {fileID: 0}
  m_RootOrder: 1
  m_LocalEulerAnglesHint: {x: 0, y: 0, z: 0}
--- !u!114 &159450859
MonoBehaviour:
  m_ObjectHideFlags: 0
  m_PrefabParentObject: {fileID: 0}
  m_PrefabInternal: {fileID: 0}
  m_GameObject: {fileID: 159450854}
  m_Enabled: 1
  m_EditorHideFlags: 0
  m_Script: {fileID: 11500000, guid: b15ef5b4bb49e0d478e7980a5145e99d, type: 3}
  m_Name: 
  m_EditorClassIdentifier: 
  smoothness: 0.2
--- !u!1 &188016390
GameObject:
  m_ObjectHideFlags: 0
  m_PrefabParentObject: {fileID: 0}
  m_PrefabInternal: {fileID: 0}
  serializedVersion: 5
  m_Component:
  - component: {fileID: 188016393}
  - component: {fileID: 188016392}
  - component: {fileID: 188016391}
  m_Layer: 0
  m_Name: EventSystem
  m_TagString: Untagged
  m_Icon: {fileID: 0}
  m_NavMeshLayer: 0
  m_StaticEditorFlags: 0
  m_IsActive: 1
--- !u!114 &188016391
MonoBehaviour:
  m_ObjectHideFlags: 0
  m_PrefabParentObject: {fileID: 0}
  m_PrefabInternal: {fileID: 0}
  m_GameObject: {fileID: 188016390}
  m_Enabled: 1
  m_EditorHideFlags: 0
  m_Script: {fileID: 1077351063, guid: f70555f144d8491a825f0804e09c671c, type: 3}
  m_Name: 
  m_EditorClassIdentifier: 
  m_HorizontalAxis: Horizontal
  m_VerticalAxis: Vertical
  m_SubmitButton: Submit
  m_CancelButton: Cancel
  m_InputActionsPerSecond: 10
  m_RepeatDelay: 0.5
  m_ForceModuleActive: 0
--- !u!114 &188016392
MonoBehaviour:
  m_ObjectHideFlags: 0
  m_PrefabParentObject: {fileID: 0}
  m_PrefabInternal: {fileID: 0}
  m_GameObject: {fileID: 188016390}
  m_Enabled: 1
  m_EditorHideFlags: 0
  m_Script: {fileID: -619905303, guid: f70555f144d8491a825f0804e09c671c, type: 3}
  m_Name: 
  m_EditorClassIdentifier: 
  m_FirstSelected: {fileID: 0}
  m_sendNavigationEvents: 1
  m_DragThreshold: 5
--- !u!4 &188016393
Transform:
  m_ObjectHideFlags: 0
  m_PrefabParentObject: {fileID: 0}
  m_PrefabInternal: {fileID: 0}
  m_GameObject: {fileID: 188016390}
  m_LocalRotation: {x: 0, y: 0, z: 0, w: 1}
  m_LocalPosition: {x: 0, y: 0, z: 0}
  m_LocalScale: {x: 1, y: 1, z: 1}
  m_Children: []
  m_Father: {fileID: 0}
  m_RootOrder: 4
  m_LocalEulerAnglesHint: {x: 0, y: 0, z: 0}
--- !u!1001 &392779965
Prefab:
  m_ObjectHideFlags: 0
  serializedVersion: 2
  m_Modification:
    m_TransformParent: {fileID: 0}
    m_Modifications:
    - target: {fileID: 4692443033427192, guid: 5063475f871220743a00e5501574036c, type: 2}
      propertyPath: m_LocalPosition.x
      value: -0.21096325
      objectReference: {fileID: 0}
    - target: {fileID: 4692443033427192, guid: 5063475f871220743a00e5501574036c, type: 2}
      propertyPath: m_LocalPosition.y
      value: 1.239425
      objectReference: {fileID: 0}
    - target: {fileID: 4692443033427192, guid: 5063475f871220743a00e5501574036c, type: 2}
      propertyPath: m_LocalPosition.z
      value: 0
      objectReference: {fileID: 0}
    - target: {fileID: 4692443033427192, guid: 5063475f871220743a00e5501574036c, type: 2}
      propertyPath: m_LocalRotation.x
      value: -0
      objectReference: {fileID: 0}
    - target: {fileID: 4692443033427192, guid: 5063475f871220743a00e5501574036c, type: 2}
      propertyPath: m_LocalRotation.y
      value: -0
      objectReference: {fileID: 0}
    - target: {fileID: 4692443033427192, guid: 5063475f871220743a00e5501574036c, type: 2}
      propertyPath: m_LocalRotation.z
      value: -0
      objectReference: {fileID: 0}
    - target: {fileID: 4692443033427192, guid: 5063475f871220743a00e5501574036c, type: 2}
      propertyPath: m_LocalRotation.w
      value: 1
      objectReference: {fileID: 0}
    - target: {fileID: 4692443033427192, guid: 5063475f871220743a00e5501574036c, type: 2}
      propertyPath: m_RootOrder
      value: 2
      objectReference: {fileID: 0}
    m_RemovedComponents: []
  m_ParentPrefab: {fileID: 100100000, guid: 5063475f871220743a00e5501574036c, type: 2}
  m_IsPrefabParent: 0
--- !u!1001 &426811316
Prefab:
  m_ObjectHideFlags: 0
  serializedVersion: 2
  m_Modification:
    m_TransformParent: {fileID: 625459384}
    m_Modifications:
    - target: {fileID: 4719545840257994, guid: e99f6ad24c77a1f45868a85e8ec4fec7, type: 2}
      propertyPath: m_LocalPosition.x
      value: 15.992023
      objectReference: {fileID: 0}
    - target: {fileID: 4719545840257994, guid: e99f6ad24c77a1f45868a85e8ec4fec7, type: 2}
      propertyPath: m_LocalPosition.y
      value: -8.67
      objectReference: {fileID: 0}
    - target: {fileID: 4719545840257994, guid: e99f6ad24c77a1f45868a85e8ec4fec7, type: 2}
      propertyPath: m_LocalPosition.z
      value: 0.234375
      objectReference: {fileID: 0}
    - target: {fileID: 4719545840257994, guid: e99f6ad24c77a1f45868a85e8ec4fec7, type: 2}
      propertyPath: m_LocalRotation.x
      value: -0
      objectReference: {fileID: 0}
    - target: {fileID: 4719545840257994, guid: e99f6ad24c77a1f45868a85e8ec4fec7, type: 2}
      propertyPath: m_LocalRotation.y
      value: -0
      objectReference: {fileID: 0}
    - target: {fileID: 4719545840257994, guid: e99f6ad24c77a1f45868a85e8ec4fec7, type: 2}
      propertyPath: m_LocalRotation.z
      value: -0
      objectReference: {fileID: 0}
    - target: {fileID: 4719545840257994, guid: e99f6ad24c77a1f45868a85e8ec4fec7, type: 2}
      propertyPath: m_LocalRotation.w
      value: 1
      objectReference: {fileID: 0}
    - target: {fileID: 4719545840257994, guid: e99f6ad24c77a1f45868a85e8ec4fec7, type: 2}
      propertyPath: m_RootOrder
      value: 2
      objectReference: {fileID: 0}
    - target: {fileID: 4719545840257994, guid: e99f6ad24c77a1f45868a85e8ec4fec7, type: 2}
      propertyPath: m_LocalScale.x
      value: 2
      objectReference: {fileID: 0}
    - target: {fileID: 4719545840257994, guid: e99f6ad24c77a1f45868a85e8ec4fec7, type: 2}
      propertyPath: m_LocalScale.y
      value: 1
      objectReference: {fileID: 0}
    m_RemovedComponents: []
  m_ParentPrefab: {fileID: 100100000, guid: e99f6ad24c77a1f45868a85e8ec4fec7, type: 2}
  m_IsPrefabParent: 0
--- !u!1001 &540261134
Prefab:
  m_ObjectHideFlags: 0
  serializedVersion: 2
  m_Modification:
    m_TransformParent: {fileID: 1559113691}
    m_Modifications:
    - target: {fileID: 4305053445667758, guid: 934d25ddffa14ea48ba5a7aa640964f4, type: 2}
      propertyPath: m_LocalPosition.x
      value: 1.459
      objectReference: {fileID: 0}
    - target: {fileID: 4305053445667758, guid: 934d25ddffa14ea48ba5a7aa640964f4, type: 2}
      propertyPath: m_LocalPosition.y
      value: 0.51474
      objectReference: {fileID: 0}
    - target: {fileID: 4305053445667758, guid: 934d25ddffa14ea48ba5a7aa640964f4, type: 2}
      propertyPath: m_LocalPosition.z
      value: 0.23438
      objectReference: {fileID: 0}
    - target: {fileID: 4305053445667758, guid: 934d25ddffa14ea48ba5a7aa640964f4, type: 2}
      propertyPath: m_LocalRotation.x
      value: 0
      objectReference: {fileID: 0}
    - target: {fileID: 4305053445667758, guid: 934d25ddffa14ea48ba5a7aa640964f4, type: 2}
      propertyPath: m_LocalRotation.y
      value: 0
      objectReference: {fileID: 0}
    - target: {fileID: 4305053445667758, guid: 934d25ddffa14ea48ba5a7aa640964f4, type: 2}
      propertyPath: m_LocalRotation.z
      value: 0
      objectReference: {fileID: 0}
    - target: {fileID: 4305053445667758, guid: 934d25ddffa14ea48ba5a7aa640964f4, type: 2}
      propertyPath: m_LocalRotation.w
      value: 1
      objectReference: {fileID: 0}
    - target: {fileID: 4305053445667758, guid: 934d25ddffa14ea48ba5a7aa640964f4, type: 2}
      propertyPath: m_RootOrder
      value: 4
      objectReference: {fileID: 0}
    - target: {fileID: 212537567887570798, guid: 934d25ddffa14ea48ba5a7aa640964f4,
        type: 2}
      propertyPath: m_Size.x
      value: 36.020508
      objectReference: {fileID: 0}
    - target: {fileID: 4305053445667758, guid: 934d25ddffa14ea48ba5a7aa640964f4, type: 2}
      propertyPath: m_LocalScale.x
      value: 1
      objectReference: {fileID: 0}
    - target: {fileID: 60479022866764706, guid: 934d25ddffa14ea48ba5a7aa640964f4,
        type: 2}
      propertyPath: m_SpriteTilingProperty.newSize.x
      value: 36.020508
      objectReference: {fileID: 0}
    - target: {fileID: 1516576046767900, guid: 934d25ddffa14ea48ba5a7aa640964f4, type: 2}
      propertyPath: m_TagString
      value: Solid
      objectReference: {fileID: 0}
    m_RemovedComponents:
    - {fileID: 60036515076840954, guid: 934d25ddffa14ea48ba5a7aa640964f4, type: 2}
  m_ParentPrefab: {fileID: 100100000, guid: 934d25ddffa14ea48ba5a7aa640964f4, type: 2}
  m_IsPrefabParent: 0
--- !u!4 &597911558 stripped
Transform:
  m_PrefabParentObject: {fileID: 4719545840257994, guid: e99f6ad24c77a1f45868a85e8ec4fec7,
    type: 2}
  m_PrefabInternal: {fileID: 426811316}
--- !u!1 &625459383
GameObject:
  m_ObjectHideFlags: 0
  m_PrefabParentObject: {fileID: 0}
  m_PrefabInternal: {fileID: 0}
  serializedVersion: 5
  m_Component:
  - component: {fileID: 625459384}
  m_Layer: 0
  m_Name: Other stuff
  m_TagString: Untagged
  m_Icon: {fileID: 0}
  m_NavMeshLayer: 0
  m_StaticEditorFlags: 0
  m_IsActive: 1
--- !u!4 &625459384
Transform:
  m_ObjectHideFlags: 0
  m_PrefabParentObject: {fileID: 0}
  m_PrefabInternal: {fileID: 0}
  m_GameObject: {fileID: 625459383}
  m_LocalRotation: {x: 0, y: 0, z: 0, w: 1}
  m_LocalPosition: {x: 0, y: 0, z: 0}
  m_LocalScale: {x: 1, y: 1, z: 1}
  m_Children:
  - {fileID: 1690047417}
  - {fileID: 928454209}
  - {fileID: 597911558}
  m_Father: {fileID: 1518105518}
  m_RootOrder: 1
  m_LocalEulerAnglesHint: {x: 0, y: 0, z: 0}
--- !u!4 &706673795 stripped
Transform:
  m_PrefabParentObject: {fileID: 4305053445667758, guid: 934d25ddffa14ea48ba5a7aa640964f4,
    type: 2}
  m_PrefabInternal: {fileID: 540261134}
--- !u!4 &800385522 stripped
Transform:
  m_PrefabParentObject: {fileID: 4640782135093966, guid: 7f9a6afa872353e40884fe53d8ad0ff5,
    type: 2}
  m_PrefabInternal: {fileID: 920594500}
--- !u!1001 &842942810
Prefab:
  m_ObjectHideFlags: 0
  serializedVersion: 2
  m_Modification:
    m_TransformParent: {fileID: 625459384}
    m_Modifications:
    - target: {fileID: 4719545840257994, guid: 4f65b1917d7d5d7489867d75800f4ba3, type: 2}
      propertyPath: m_LocalPosition.x
      value: 0.049521446
      objectReference: {fileID: 0}
    - target: {fileID: 4719545840257994, guid: 4f65b1917d7d5d7489867d75800f4ba3, type: 2}
      propertyPath: m_LocalPosition.y
      value: 3.9381819
      objectReference: {fileID: 0}
    - target: {fileID: 4719545840257994, guid: 4f65b1917d7d5d7489867d75800f4ba3, type: 2}
      propertyPath: m_LocalPosition.z
      value: 0.234375
      objectReference: {fileID: 0}
    - target: {fileID: 4719545840257994, guid: 4f65b1917d7d5d7489867d75800f4ba3, type: 2}
      propertyPath: m_LocalRotation.x
      value: -0
      objectReference: {fileID: 0}
    - target: {fileID: 4719545840257994, guid: 4f65b1917d7d5d7489867d75800f4ba3, type: 2}
      propertyPath: m_LocalRotation.y
      value: -0
      objectReference: {fileID: 0}
    - target: {fileID: 4719545840257994, guid: 4f65b1917d7d5d7489867d75800f4ba3, type: 2}
      propertyPath: m_LocalRotation.z
      value: -0
      objectReference: {fileID: 0}
    - target: {fileID: 4719545840257994, guid: 4f65b1917d7d5d7489867d75800f4ba3, type: 2}
      propertyPath: m_LocalRotation.w
      value: 1
      objectReference: {fileID: 0}
    - target: {fileID: 4719545840257994, guid: 4f65b1917d7d5d7489867d75800f4ba3, type: 2}
      propertyPath: m_RootOrder
      value: 0
      objectReference: {fileID: 0}
    - target: {fileID: 4719545840257994, guid: 4f65b1917d7d5d7489867d75800f4ba3, type: 2}
      propertyPath: m_LocalScale.x
      value: 2
      objectReference: {fileID: 0}
    m_RemovedComponents: []
  m_ParentPrefab: {fileID: 100100000, guid: 4f65b1917d7d5d7489867d75800f4ba3, type: 2}
  m_IsPrefabParent: 0
--- !u!1001 &920594500
Prefab:
  m_ObjectHideFlags: 0
  serializedVersion: 2
  m_Modification:
    m_TransformParent: {fileID: 1559113691}
    m_Modifications:
    - target: {fileID: 4640782135093966, guid: 7f9a6afa872353e40884fe53d8ad0ff5, type: 2}
      propertyPath: m_LocalPosition.x
      value: -17.04
      objectReference: {fileID: 0}
    - target: {fileID: 4640782135093966, guid: 7f9a6afa872353e40884fe53d8ad0ff5, type: 2}
      propertyPath: m_LocalPosition.y
      value: -30.075256
      objectReference: {fileID: 0}
    - target: {fileID: 4640782135093966, guid: 7f9a6afa872353e40884fe53d8ad0ff5, type: 2}
      propertyPath: m_LocalPosition.z
      value: 0.234375
      objectReference: {fileID: 0}
    - target: {fileID: 4640782135093966, guid: 7f9a6afa872353e40884fe53d8ad0ff5, type: 2}
      propertyPath: m_LocalRotation.x
      value: -0
      objectReference: {fileID: 0}
    - target: {fileID: 4640782135093966, guid: 7f9a6afa872353e40884fe53d8ad0ff5, type: 2}
      propertyPath: m_LocalRotation.y
      value: -0
      objectReference: {fileID: 0}
    - target: {fileID: 4640782135093966, guid: 7f9a6afa872353e40884fe53d8ad0ff5, type: 2}
      propertyPath: m_LocalRotation.z
      value: -0
      objectReference: {fileID: 0}
    - target: {fileID: 4640782135093966, guid: 7f9a6afa872353e40884fe53d8ad0ff5, type: 2}
      propertyPath: m_LocalRotation.w
      value: 1
      objectReference: {fileID: 0}
    - target: {fileID: 4640782135093966, guid: 7f9a6afa872353e40884fe53d8ad0ff5, type: 2}
      propertyPath: m_RootOrder
      value: 0
      objectReference: {fileID: 0}
    - target: {fileID: 4640782135093966, guid: 7f9a6afa872353e40884fe53d8ad0ff5, type: 2}
      propertyPath: m_LocalScale.y
      value: 97.13638
      objectReference: {fileID: 0}
    m_RemovedComponents: []
  m_ParentPrefab: {fileID: 100100000, guid: 7f9a6afa872353e40884fe53d8ad0ff5, type: 2}
  m_IsPrefabParent: 0
--- !u!4 &928454209 stripped
Transform:
  m_PrefabParentObject: {fileID: 4502535279938208, guid: 8c61a62cb96a7ed4ba931d6e3a1e5e0b,
    type: 2}
  m_PrefabInternal: {fileID: 1907242332}
--- !u!1 &1048686178 stripped
GameObject:
  m_PrefabParentObject: {fileID: 1335074320266088, guid: 64971b89f7819a54ba0a521df86b10c0,
    type: 2}
  m_PrefabInternal: {fileID: 65811125}
--- !u!60 &1048686179
PolygonCollider2D:
  m_ObjectHideFlags: 0
  m_PrefabParentObject: {fileID: 0}
  m_PrefabInternal: {fileID: 0}
  m_GameObject: {fileID: 1048686178}
  m_Enabled: 1
  m_Density: 1
  m_Material: {fileID: 0}
  m_IsTrigger: 0
  m_UsedByEffector: 0
  m_UsedByComposite: 0
  m_Offset: {x: 0, y: 0}
  m_SpriteTilingProperty:
    border: {x: 0, y: 0, z: 0, w: 0}
    pivot: {x: 0.5, y: 0.5}
    oldSize: {x: 1, y: 1}
    newSize: {x: 36.020508, y: 1}
    adaptiveTilingThreshold: 0.5
    drawMode: 2
    adaptiveTiling: 0
  m_AutoTiling: 1
  m_Points:
    m_Paths:
    - - {x: -0.5, y: 0.5}
      - {x: -0.5, y: -0.5}
      - {x: 0.5, y: -0.5}
      - {x: 0.5, y: 0.5}
--- !u!4 &1048686181 stripped
Transform:
  m_PrefabParentObject: {fileID: 4640782135093966, guid: 64971b89f7819a54ba0a521df86b10c0,
    type: 2}
  m_PrefabInternal: {fileID: 65811125}
--- !u!1 &1365709514
GameObject:
  m_ObjectHideFlags: 0
  m_PrefabParentObject: {fileID: 0}
  m_PrefabInternal: {fileID: 0}
  serializedVersion: 5
  m_Component:
  - component: {fileID: 1365709515}
  - component: {fileID: 1365709517}
  - component: {fileID: 1365709516}
  m_Layer: 5
  m_Name: TreasureText
  m_TagString: Untagged
  m_Icon: {fileID: 0}
  m_NavMeshLayer: 0
  m_StaticEditorFlags: 0
  m_IsActive: 1
--- !u!224 &1365709515
RectTransform:
  m_ObjectHideFlags: 0
  m_PrefabParentObject: {fileID: 0}
  m_PrefabInternal: {fileID: 0}
  m_GameObject: {fileID: 1365709514}
  m_LocalRotation: {x: 0, y: 0, z: 0, w: 1}
  m_LocalPosition: {x: -527.5, y: 209.5, z: 0}
  m_LocalScale: {x: 1, y: 1, z: 1}
  m_Children: []
  m_Father: {fileID: 1917297121}
  m_RootOrder: 0
  m_LocalEulerAnglesHint: {x: 0, y: 0, z: 0}
  m_AnchorMin: {x: 0, y: 1}
  m_AnchorMax: {x: 0, y: 1}
  m_AnchoredPosition: {x: 5, y: -5}
  m_SizeDelta: {x: 160, y: 30}
  m_Pivot: {x: 0, y: 1}
--- !u!114 &1365709516
MonoBehaviour:
  m_ObjectHideFlags: 0
  m_PrefabParentObject: {fileID: 0}
  m_PrefabInternal: {fileID: 0}
  m_GameObject: {fileID: 1365709514}
  m_Enabled: 1
  m_EditorHideFlags: 0
  m_Script: {fileID: 708705254, guid: f70555f144d8491a825f0804e09c671c, type: 3}
  m_Name: 
  m_EditorClassIdentifier: 
  m_Material: {fileID: 0}
  m_Color: {r: 1, g: 1, b: 1, a: 1}
  m_RaycastTarget: 1
  m_OnCullStateChanged:
    m_PersistentCalls:
      m_Calls: []
    m_TypeName: UnityEngine.UI.MaskableGraphic+CullStateChangedEvent, UnityEngine.UI,
      Version=1.0.0.0, Culture=neutral, PublicKeyToken=null
  m_FontData:
    m_Font: {fileID: 10102, guid: 0000000000000000e000000000000000, type: 0}
    m_FontSize: 14
    m_FontStyle: 1
    m_BestFit: 0
    m_MinSize: 10
    m_MaxSize: 40
    m_Alignment: 0
    m_AlignByGeometry: 0
    m_RichText: 1
    m_HorizontalOverflow: 0
    m_VerticalOverflow: 0
    m_LineSpacing: 1
  m_Text: 'Treasure: 0'
--- !u!222 &1365709517
CanvasRenderer:
  m_ObjectHideFlags: 0
  m_PrefabParentObject: {fileID: 0}
  m_PrefabInternal: {fileID: 0}
  m_GameObject: {fileID: 1365709514}
--- !u!1 &1518105517
GameObject:
  m_ObjectHideFlags: 0
  m_PrefabParentObject: {fileID: 0}
  m_PrefabInternal: {fileID: 0}
  serializedVersion: 5
  m_Component:
  - component: {fileID: 1518105518}
  m_Layer: 0
  m_Name: Level
  m_TagString: Untagged
  m_Icon: {fileID: 0}
  m_NavMeshLayer: 0
  m_StaticEditorFlags: 0
  m_IsActive: 1
--- !u!4 &1518105518
Transform:
  m_ObjectHideFlags: 0
  m_PrefabParentObject: {fileID: 0}
  m_PrefabInternal: {fileID: 0}
  m_GameObject: {fileID: 1518105517}
  m_LocalRotation: {x: 0, y: 0, z: 0, w: 1}
  m_LocalPosition: {x: 14.297977, y: -2.514743, z: -0.234375}
  m_LocalScale: {x: 1, y: 1, z: 1}
  m_Children:
  - {fileID: 1559113691}
  - {fileID: 625459384}
  m_Father: {fileID: 0}
  m_RootOrder: 5
  m_LocalEulerAnglesHint: {x: 0, y: 0, z: 0}
--- !u!1 &1559113690
GameObject:
  m_ObjectHideFlags: 0
  m_PrefabParentObject: {fileID: 0}
  m_PrefabInternal: {fileID: 0}
  serializedVersion: 5
  m_Component:
  - component: {fileID: 1559113691}
  m_Layer: 0
  m_Name: Tiles
  m_TagString: Untagged
  m_Icon: {fileID: 0}
  m_NavMeshLayer: 0
  m_StaticEditorFlags: 0
  m_IsActive: 1
--- !u!4 &1559113691
Transform:
  m_ObjectHideFlags: 0
  m_PrefabParentObject: {fileID: 0}
  m_PrefabInternal: {fileID: 0}
  m_GameObject: {fileID: 1559113690}
  m_LocalRotation: {x: 0, y: 0, z: 0, w: 1}
  m_LocalPosition: {x: 0, y: 0, z: 0}
  m_LocalScale: {x: 1, y: 1, z: 1}
  m_Children:
  - {fileID: 800385522}
  - {fileID: 1048686181}
  - {fileID: 1708657294}
  - {fileID: 1640534304}
  - {fileID: 706673795}
  - {fileID: 2094276380}
  m_Father: {fileID: 1518105518}
  m_RootOrder: 0
  m_LocalEulerAnglesHint: {x: 0, y: 0, z: 0}
--- !u!1001 &1640534303
Prefab:
  m_ObjectHideFlags: 0
  serializedVersion: 2
  m_Modification:
    m_TransformParent: {fileID: 1559113691}
    m_Modifications:
    - target: {fileID: 4137583783381730, guid: a6d671cff3b94824a8d08b1f3a5536b8, type: 2}
      propertyPath: m_LocalPosition.x
      value: 1.459
      objectReference: {fileID: 0}
    - target: {fileID: 4137583783381730, guid: a6d671cff3b94824a8d08b1f3a5536b8, type: 2}
      propertyPath: m_LocalPosition.y
      value: 1.5147431
      objectReference: {fileID: 0}
    - target: {fileID: 4137583783381730, guid: a6d671cff3b94824a8d08b1f3a5536b8, type: 2}
      propertyPath: m_LocalPosition.z
      value: 0.234375
      objectReference: {fileID: 0}
    - target: {fileID: 4137583783381730, guid: a6d671cff3b94824a8d08b1f3a5536b8, type: 2}
      propertyPath: m_LocalRotation.x
      value: -0
      objectReference: {fileID: 0}
    - target: {fileID: 4137583783381730, guid: a6d671cff3b94824a8d08b1f3a5536b8, type: 2}
      propertyPath: m_LocalRotation.y
      value: -0
      objectReference: {fileID: 0}
    - target: {fileID: 4137583783381730, guid: a6d671cff3b94824a8d08b1f3a5536b8, type: 2}
      propertyPath: m_LocalRotation.z
      value: -0
      objectReference: {fileID: 0}
    - target: {fileID: 4137583783381730, guid: a6d671cff3b94824a8d08b1f3a5536b8, type: 2}
      propertyPath: m_LocalRotation.w
      value: 1
      objectReference: {fileID: 0}
    - target: {fileID: 4137583783381730, guid: a6d671cff3b94824a8d08b1f3a5536b8, type: 2}
      propertyPath: m_RootOrder
      value: 3
      objectReference: {fileID: 0}
    - target: {fileID: 212711428333849794, guid: a6d671cff3b94824a8d08b1f3a5536b8,
        type: 2}
      propertyPath: m_DrawMode
      value: 2
      objectReference: {fileID: 0}
    - target: {fileID: 212711428333849794, guid: a6d671cff3b94824a8d08b1f3a5536b8,
        type: 2}
      propertyPath: m_Size.x
      value: 36.020508
      objectReference: {fileID: 0}
    - target: {fileID: 60881682455455986, guid: a6d671cff3b94824a8d08b1f3a5536b8,
        type: 2}
      propertyPath: m_SpriteTilingProperty.newSize.x
      value: 36.020508
      objectReference: {fileID: 0}
    - target: {fileID: 60881682455455986, guid: a6d671cff3b94824a8d08b1f3a5536b8,
        type: 2}
      propertyPath: m_SpriteTilingProperty.drawMode
      value: 2
      objectReference: {fileID: 0}
    - target: {fileID: 60881682455455986, guid: a6d671cff3b94824a8d08b1f3a5536b8,
        type: 2}
      propertyPath: m_AutoTiling
      value: 1
      objectReference: {fileID: 0}
    - target: {fileID: 60807957620225344, guid: a6d671cff3b94824a8d08b1f3a5536b8,
        type: 2}
      propertyPath: m_SpriteTilingProperty.newSize.x
      value: 36.020508
      objectReference: {fileID: 0}
    - target: {fileID: 4137583783381730, guid: a6d671cff3b94824a8d08b1f3a5536b8, type: 2}
      propertyPath: m_LocalScale.x
      value: 0.99943066
      objectReference: {fileID: 0}
    - target: {fileID: 212711428333849794, guid: a6d671cff3b94824a8d08b1f3a5536b8,
        type: 2}
      propertyPath: m_FlipX
      value: 0
      objectReference: {fileID: 0}
    - target: {fileID: 1167357269044396, guid: a6d671cff3b94824a8d08b1f3a5536b8, type: 2}
      propertyPath: m_TagString
      value: Solid
      objectReference: {fileID: 0}
    m_RemovedComponents:
    - {fileID: 60807957620225344, guid: a6d671cff3b94824a8d08b1f3a5536b8, type: 2}
  m_ParentPrefab: {fileID: 100100000, guid: a6d671cff3b94824a8d08b1f3a5536b8, type: 2}
  m_IsPrefabParent: 0
--- !u!4 &1640534304 stripped
Transform:
  m_PrefabParentObject: {fileID: 4137583783381730, guid: a6d671cff3b94824a8d08b1f3a5536b8,
    type: 2}
  m_PrefabInternal: {fileID: 1640534303}
--- !u!4 &1690047417 stripped
Transform:
  m_PrefabParentObject: {fileID: 4719545840257994, guid: 4f65b1917d7d5d7489867d75800f4ba3,
    type: 2}
  m_PrefabInternal: {fileID: 842942810}
--- !u!4 &1708657294 stripped
Transform:
  m_PrefabParentObject: {fileID: 4640782135093966, guid: 7f9a6afa872353e40884fe53d8ad0ff5,
    type: 2}
  m_PrefabInternal: {fileID: 1929592826}
--- !u!1 &1869018772
GameObject:
  m_ObjectHideFlags: 0
  m_PrefabParentObject: {fileID: 0}
  m_PrefabInternal: {fileID: 0}
  serializedVersion: 5
  m_Component:
  - component: {fileID: 1869018773}
  - component: {fileID: 1869018774}
  m_Layer: 0
  m_Name: __Scripts__
  m_TagString: Untagged
  m_Icon: {fileID: 0}
  m_NavMeshLayer: 0
  m_StaticEditorFlags: 0
  m_IsActive: 1
--- !u!4 &1869018773
Transform:
  m_ObjectHideFlags: 0
  m_PrefabParentObject: {fileID: 0}
  m_PrefabInternal: {fileID: 0}
  m_GameObject: {fileID: 1869018772}
  m_LocalRotation: {x: 0, y: 0, z: 0, w: 1}
  m_LocalPosition: {x: 0, y: 0, z: 0}
  m_LocalScale: {x: 1, y: 1, z: 1}
  m_Children: []
  m_Father: {fileID: 0}
  m_RootOrder: 0
  m_LocalEulerAnglesHint: {x: 0, y: 0, z: 0}
--- !u!114 &1869018774
MonoBehaviour:
  m_ObjectHideFlags: 0
  m_PrefabParentObject: {fileID: 0}
  m_PrefabInternal: {fileID: 0}
  m_GameObject: {fileID: 1869018772}
  m_Enabled: 1
  m_EditorHideFlags: 0
  m_Script: {fileID: 11500000, guid: 4849329d2eb3fe1418564b96a3ffccca, type: 3}
  m_Name: 
  m_EditorClassIdentifier: 
--- !u!1001 &1907242332
Prefab:
  m_ObjectHideFlags: 0
  serializedVersion: 2
  m_Modification:
    m_TransformParent: {fileID: 625459384}
    m_Modifications:
    - target: {fileID: 4502535279938208, guid: 8c61a62cb96a7ed4ba931d6e3a1e5e0b, type: 2}
      propertyPath: m_LocalPosition.x
      value: 13.302023
      objectReference: {fileID: 0}
    - target: {fileID: 4502535279938208, guid: 8c61a62cb96a7ed4ba931d6e3a1e5e0b, type: 2}
      propertyPath: m_LocalPosition.y
      value: 4.874743
      objectReference: {fileID: 0}
    - target: {fileID: 4502535279938208, guid: 8c61a62cb96a7ed4ba931d6e3a1e5e0b, type: 2}
      propertyPath: m_LocalPosition.z
      value: 0.234375
      objectReference: {fileID: 0}
    - target: {fileID: 4502535279938208, guid: 8c61a62cb96a7ed4ba931d6e3a1e5e0b, type: 2}
      propertyPath: m_LocalRotation.x
      value: -0
      objectReference: {fileID: 0}
    - target: {fileID: 4502535279938208, guid: 8c61a62cb96a7ed4ba931d6e3a1e5e0b, type: 2}
      propertyPath: m_LocalRotation.y
      value: -0
      objectReference: {fileID: 0}
    - target: {fileID: 4502535279938208, guid: 8c61a62cb96a7ed4ba931d6e3a1e5e0b, type: 2}
      propertyPath: m_LocalRotation.z
      value: -0
      objectReference: {fileID: 0}
    - target: {fileID: 4502535279938208, guid: 8c61a62cb96a7ed4ba931d6e3a1e5e0b, type: 2}
      propertyPath: m_LocalRotation.w
      value: 1
      objectReference: {fileID: 0}
    - target: {fileID: 4502535279938208, guid: 8c61a62cb96a7ed4ba931d6e3a1e5e0b, type: 2}
      propertyPath: m_RootOrder
      value: 1
      objectReference: {fileID: 0}
    - target: {fileID: 4502535279938208, guid: 8c61a62cb96a7ed4ba931d6e3a1e5e0b, type: 2}
      propertyPath: m_LocalScale.x
      value: 15
      objectReference: {fileID: 0}
    - target: {fileID: 4502535279938208, guid: 8c61a62cb96a7ed4ba931d6e3a1e5e0b, type: 2}
      propertyPath: m_LocalScale.y
      value: 15
      objectReference: {fileID: 0}
    m_RemovedComponents: []
  m_ParentPrefab: {fileID: 100100000, guid: 8c61a62cb96a7ed4ba931d6e3a1e5e0b, type: 2}
  m_IsPrefabParent: 0
--- !u!1 &1917297117
GameObject:
  m_ObjectHideFlags: 0
  m_PrefabParentObject: {fileID: 0}
  m_PrefabInternal: {fileID: 0}
  serializedVersion: 5
  m_Component:
  - component: {fileID: 1917297121}
  - component: {fileID: 1917297120}
  - component: {fileID: 1917297119}
  - component: {fileID: 1917297118}
  - component: {fileID: 1917297122}
  m_Layer: 5
  m_Name: Canvas
  m_TagString: Untagged
  m_Icon: {fileID: 0}
  m_NavMeshLayer: 0
  m_StaticEditorFlags: 0
  m_IsActive: 1
--- !u!114 &1917297118
MonoBehaviour:
  m_ObjectHideFlags: 0
  m_PrefabParentObject: {fileID: 0}
  m_PrefabInternal: {fileID: 0}
  m_GameObject: {fileID: 1917297117}
  m_Enabled: 1
  m_EditorHideFlags: 0
  m_Script: {fileID: 1301386320, guid: f70555f144d8491a825f0804e09c671c, type: 3}
  m_Name: 
  m_EditorClassIdentifier: 
  m_IgnoreReversedGraphics: 1
  m_BlockingObjects: 0
  m_BlockingMask:
    serializedVersion: 2
    m_Bits: 4294967295
--- !u!114 &1917297119
MonoBehaviour:
  m_ObjectHideFlags: 0
  m_PrefabParentObject: {fileID: 0}
  m_PrefabInternal: {fileID: 0}
  m_GameObject: {fileID: 1917297117}
  m_Enabled: 1
  m_EditorHideFlags: 0
  m_Script: {fileID: 1980459831, guid: f70555f144d8491a825f0804e09c671c, type: 3}
  m_Name: 
  m_EditorClassIdentifier: 
  m_UiScaleMode: 0
  m_ReferencePixelsPerUnit: 100
  m_ScaleFactor: 1
  m_ReferenceResolution: {x: 800, y: 600}
  m_ScreenMatchMode: 0
  m_MatchWidthOrHeight: 0
  m_PhysicalUnit: 3
  m_FallbackScreenDPI: 96
  m_DefaultSpriteDPI: 96
  m_DynamicPixelsPerUnit: 1
--- !u!223 &1917297120
Canvas:
  m_ObjectHideFlags: 0
  m_PrefabParentObject: {fileID: 0}
  m_PrefabInternal: {fileID: 0}
  m_GameObject: {fileID: 1917297117}
  m_Enabled: 1
  serializedVersion: 3
  m_RenderMode: 0
  m_Camera: {fileID: 0}
  m_PlaneDistance: 100
  m_PixelPerfect: 0
  m_ReceivesEvents: 1
  m_OverrideSorting: 0
  m_OverridePixelPerfect: 0
  m_SortingBucketNormalizedSize: 0
  m_AdditionalShaderChannelsFlag: 0
  m_SortingLayerID: 0
  m_SortingOrder: 0
  m_TargetDisplay: 0
--- !u!224 &1917297121
RectTransform:
  m_ObjectHideFlags: 0
  m_PrefabParentObject: {fileID: 0}
  m_PrefabInternal: {fileID: 0}
  m_GameObject: {fileID: 1917297117}
  m_LocalRotation: {x: 0, y: 0, z: 0, w: 1}
  m_LocalPosition: {x: 532.5, y: 214.5, z: 0}
  m_LocalScale: {x: 1, y: 1, z: 1}
  m_Children:
  - {fileID: 1365709515}
  m_Father: {fileID: 0}
  m_RootOrder: 3
  m_LocalEulerAnglesHint: {x: 0, y: 0, z: 0}
  m_AnchorMin: {x: 0.5, y: 0.5}
  m_AnchorMax: {x: 0.5, y: 0.5}
  m_AnchoredPosition: {x: 0, y: 0}
  m_SizeDelta: {x: 100, y: 100}
  m_Pivot: {x: 0.5, y: 0.5}
--- !u!114 &1917297122
MonoBehaviour:
  m_ObjectHideFlags: 0
  m_PrefabParentObject: {fileID: 0}
  m_PrefabInternal: {fileID: 0}
  m_GameObject: {fileID: 1917297117}
  m_Enabled: 1
  m_EditorHideFlags: 0
  m_Script: {fileID: 11500000, guid: 0bf8625244283d04e9a1aa4b6305aa16, type: 3}
  m_Name: 
  m_EditorClassIdentifier: 
  treasureText: {fileID: 1365709516}
--- !u!1001 &1929592826
Prefab:
  m_ObjectHideFlags: 0
  serializedVersion: 2
  m_Modification:
    m_TransformParent: {fileID: 1559113691}
    m_Modifications:
    - target: {fileID: 4640782135093966, guid: 7f9a6afa872353e40884fe53d8ad0ff5, type: 2}
      propertyPath: m_LocalPosition.x
      value: 19.944
      objectReference: {fileID: 0}
    - target: {fileID: 4640782135093966, guid: 7f9a6afa872353e40884fe53d8ad0ff5, type: 2}
      propertyPath: m_LocalPosition.y
      value: 3.9
      objectReference: {fileID: 0}
    - target: {fileID: 4640782135093966, guid: 7f9a6afa872353e40884fe53d8ad0ff5, type: 2}
      propertyPath: m_LocalPosition.z
      value: 0.234375
      objectReference: {fileID: 0}
    - target: {fileID: 4640782135093966, guid: 7f9a6afa872353e40884fe53d8ad0ff5, type: 2}
      propertyPath: m_LocalRotation.x
      value: -0
      objectReference: {fileID: 0}
    - target: {fileID: 4640782135093966, guid: 7f9a6afa872353e40884fe53d8ad0ff5, type: 2}
      propertyPath: m_LocalRotation.y
      value: -0
      objectReference: {fileID: 0}
    - target: {fileID: 4640782135093966, guid: 7f9a6afa872353e40884fe53d8ad0ff5, type: 2}
      propertyPath: m_LocalRotation.z
      value: -0
      objectReference: {fileID: 0}
    - target: {fileID: 4640782135093966, guid: 7f9a6afa872353e40884fe53d8ad0ff5, type: 2}
      propertyPath: m_LocalRotation.w
      value: 1
      objectReference: {fileID: 0}
    - target: {fileID: 4640782135093966, guid: 7f9a6afa872353e40884fe53d8ad0ff5, type: 2}
      propertyPath: m_RootOrder
      value: 2
      objectReference: {fileID: 0}
    - target: {fileID: 4640782135093966, guid: 7f9a6afa872353e40884fe53d8ad0ff5, type: 2}
      propertyPath: m_LocalScale.y
      value: 97.13638
      objectReference: {fileID: 0}
    - target: {fileID: 1335074320266088, guid: 7f9a6afa872353e40884fe53d8ad0ff5, type: 2}
      propertyPath: m_Name
      value: LevelOutline (1)
      objectReference: {fileID: 0}
    - target: {fileID: 4640782135093966, guid: 7f9a6afa872353e40884fe53d8ad0ff5, type: 2}
      propertyPath: m_LocalScale.x
      value: 0.6265152
      objectReference: {fileID: 0}
    m_RemovedComponents: []
  m_ParentPrefab: {fileID: 100100000, guid: 7f9a6afa872353e40884fe53d8ad0ff5, type: 2}
  m_IsPrefabParent: 0
--- !u!4 &2094276380 stripped
Transform:
  m_PrefabParentObject: {fileID: 4143744461050550, guid: 01c2493677296e1419a970efa91ed8af,
    type: 2}
  m_PrefabInternal: {fileID: 2132069070}
--- !u!1001 &2132069070
Prefab:
  m_ObjectHideFlags: 0
  serializedVersion: 2
  m_Modification:
    m_TransformParent: {fileID: 1559113691}
    m_Modifications:
    - target: {fileID: 4143744461050550, guid: 01c2493677296e1419a970efa91ed8af, type: 2}
      propertyPath: m_LocalPosition.x
      value: 8.292023
      objectReference: {fileID: 0}
    - target: {fileID: 4143744461050550, guid: 01c2493677296e1419a970efa91ed8af, type: 2}
      propertyPath: m_LocalPosition.y
      value: -9.995257
      objectReference: {fileID: 0}
    - target: {fileID: 4143744461050550, guid: 01c2493677296e1419a970efa91ed8af, type: 2}
      propertyPath: m_LocalPosition.z
      value: 0.234375
      objectReference: {fileID: 0}
    - target: {fileID: 4143744461050550, guid: 01c2493677296e1419a970efa91ed8af, type: 2}
      propertyPath: m_LocalRotation.x
      value: -0
      objectReference: {fileID: 0}
    - target: {fileID: 4143744461050550, guid: 01c2493677296e1419a970efa91ed8af, type: 2}
      propertyPath: m_LocalRotation.y
      value: -0
      objectReference: {fileID: 0}
    - target: {fileID: 4143744461050550, guid: 01c2493677296e1419a970efa91ed8af, type: 2}
      propertyPath: m_LocalRotation.z
      value: -0
      objectReference: {fileID: 0}
    - target: {fileID: 4143744461050550, guid: 01c2493677296e1419a970efa91ed8af, type: 2}
      propertyPath: m_LocalRotation.w
      value: 1
      objectReference: {fileID: 0}
    - target: {fileID: 4143744461050550, guid: 01c2493677296e1419a970efa91ed8af, type: 2}
      propertyPath: m_RootOrder
      value: 5
      objectReference: {fileID: 0}
    - target: {fileID: 212799735335620458, guid: 01c2493677296e1419a970efa91ed8af,
        type: 2}
      propertyPath: m_Size.x
      value: 22.753624
      objectReference: {fileID: 0}
    - target: {fileID: 60406755341274254, guid: 01c2493677296e1419a970efa91ed8af,
        type: 2}
      propertyPath: m_SpriteTilingProperty.newSize.x
      value: 22.753624
      objectReference: {fileID: 0}
    - target: {fileID: 60334406116188984, guid: 01c2493677296e1419a970efa91ed8af,
        type: 2}
      propertyPath: m_SpriteTilingProperty.newSize.x
      value: 3.719204
      objectReference: {fileID: 0}
    - target: {fileID: 1536666686790510, guid: 01c2493677296e1419a970efa91ed8af, type: 2}
      propertyPath: m_TagString
      value: Solid
      objectReference: {fileID: 0}
    m_RemovedComponents:
    - {fileID: 60334406116188984, guid: 01c2493677296e1419a970efa91ed8af, type: 2}
  m_ParentPrefab: {fileID: 100100000, guid: 01c2493677296e1419a970efa91ed8af, type: 2}
  m_IsPrefabParent: 0
